<?xml version="1.0" encoding="UTF-8"?><collection xmlns="http://www.loc.gov/MARC21/slim"><record><leader>00577nam--2200205-i-4500</leader><controlfield tag="001">000050162</controlfield><controlfield tag="002">20161230</controlfield><controlfield tag="005">20161230201048</controlfield><controlfield tag="008">060222s1000------------r-----000-0-eng-d</controlfield><datafield ind1=" " ind2=" " tag="020"><subfield code="a">0891162518</subfield></datafield><datafield ind1=" " ind2=" " tag="040"><subfield code="a">IFIN-HH</subfield></datafield><datafield ind1=" " ind2=" " tag="080"><subfield code="a">536.24(061.3)</subfield></datafield><datafield ind1="1" ind2=" " tag="100"><subfield code="a">Mizushina, Tokuro</subfield></datafield><datafield ind1="1" ind2="0" tag="245"><subfield code="a">Heat transfer in energy problems</subfield><subfield code="c">Tokuro mizushina; wen-jei yang (eds.)</subfield></datafield><datafield ind1=" " ind2=" " tag="260"><subfield code="a">Washington</subfield><subfield code="b">Hemisphere Publishing Corporation</subfield><subfield code="c">1983</subfield></datafield><datafield ind1=" " ind2=" " tag="300"><subfield code="a">241P</subfield></datafield><datafield ind1=" " ind2=" " tag="650"><subfield code="a">Heat - Transmissions</subfield></datafield><datafield ind1="1" ind2=" " tag="700"><subfield code="a">Yang, Wen-jei</subfield><subfield code="e">Ed</subfield></datafield><datafield ind1=" " ind2=" " tag="852"><subfield code="a">71234</subfield><subfield code="c">536</subfield></datafield><datafield ind1=" " ind2=" " tag="CAT"><subfield code="a">Sys</subfield><subfield code="c">20110510</subfield><subfield code="h">155137</subfield></datafield></record></collection>